@article{santos2023improving,
  title={Improving Healthcare Quality with an LHS},
  author={Santos, R L and Cruz-Correia, R J},
  journal={Studies in Health Technology and Informatics},
  volume={302},
  pages={145--146},
  year={2023},
  doi={10.3233/SHTI230088}
}

@article{santos2024improving,
  title={Improving Healthcare Quality with a LHS: From Patient-Generated Health Data to Evidence-Based Recommendations},
  author={Santos, R L and Cruz-Correia, R},
  journal={Studies in Health Technology and Informatics},
  volume={316},
  pages={230--234},
  year={2024},
  doi={10.3233/SHTI240387}
}

@article{santos2024healthcare,
  title={Improving Healthcare Quality with a LHS: HL7 FHIR Implementation Guide},
  author={Santos, R L and Cruz-Correia, R},
  journal={Medical Informatics Europe},
  volume={25},
  year={2024}
}

@article{apperta2018blueprint,
  title={A Blueprint for a Co-produced Personal Health Record Ecosystem},
  author={{Apperta Foundation}},
  year={2018},
  url={https://apperta.org/coPHR/}
}

@article{vaidyam2022enabling,
  title={Enabling Research and Clinical Use of Patient-Generated Health Data (the mindLAMP Platform): Digital Phenotyping Study},
  author={Vaidyam, A and others},
  journal={JMIR mHealth and uHealth},
  volume={10},
  number={1},
  pages={e30557},
  year={2022},
  doi={10.2196/30557}
}

@article{frade2021openehr,
  title={OpenEHR Implementation Guide: Towards Standard Low-Code Healthcare Systems},
  author={Frade, S and others},
  journal={Studies in Health Technology and Informatics},
  volume={290},
  pages={52--55},
  year={2021}
}

@article{sousa2018openehr,
  title={OpenEHR Based Systems and the General Data Protection Regulation},
  author={Sousa, M and others},
  journal={Studies in Health Technology and Informatics},
  volume={247},
  pages={91--95},
  year={2018},
  doi={10.3233/978-1-61499-852-5-91}
}

@article{silva2024openehr,
  title={OpenEHR logic module: a tool for creating decision rules},
  author={Silva, B and others},
  journal={Procedia Computer Science},
  volume={231},
  pages={427--432},
  year={2024},
  doi={10.1016/j.procs.2023.12.229}
}

@article{beale2021decision,
  title={Decision Language specification},
  author={Beale, Thomas},
  journal={openEHR Release},
  volume={1},
  number={6},
  year={2021},
  url={https://specifications.openehr.org/releases/PROC/Release-1.6.0/decision-language.html}
}

@article{lichtner2023representation,
  title={Representation of evidence-based clinical practice guideline recommendations on FHIR},
  author={Lichtner, G and others},
  journal={Journal of Biomedical Informatics},
  volume={139},
  pages={104305},
  year={2023},
  doi={10.1016/j.jbi.2023.104305}
}

@article{miao2024chain,
  title={Chain of Thought Utilization in Large Language Models and Application in Nephrology},
  author={Miao, J and others},
  journal={Medicina},
  volume={60},
  number={1},
  pages={148},
  year={2024},
  doi={10.3390/medicina60010148}
}

@article{balch2023machine,
  title={Machine Learningâ€“Enabled Clinical Information Systems Using Fast Healthcare Interoperability Resources Data Standards: Scoping Review},
  author={Balch, J A and others},
  journal={JMIR Medical Informatics},
  volume={11},
  pages={e48297},
  year={2023},
  doi={10.2196/48297}
}
