@book{Tainter1988,
  title={The Collapse of Complex Societies},
  author={Tainter, Joseph A.},
  year={1988},
  publisher={Cambridge University Press},
  address={Cambridge, UK}
}

@article{Mencken1920,
  title={Prejudices: Second Series},
  author={Mencken, H. L.},
  journal={Alfred A. Knopf},
  year={1920},
  pages={158}
}

@misc{Nobel_Prize,
  title={The Nobel Prize in Physiology or Medicine 2019},
  author={{The Nobel Prize}},
  year={2019},
  howpublished={\url{https://www.nobelprize.org/prizes/medicine/2019/advanced-information/}},
  note={Accessed: 2024-02-28}
}

@techreport{IOM2007,
  title={The Learning Healthcare System: Workshop Summary},
  author={{Institute of Medicine}},
  institution={The National Academies Press},
  year={2007},
  address={Washington, DC},
  doi={10.17226/11903}
}

@article{LM2023,
  title={Foundations of Lifestyle Medicine: Board Review Manual},
  author={Clayton, J. S. and Bonnet, J.},
  journal={American College of Lifestyle Medicine},
  year={2023},
  edition={4th},
  isbn={979-8-218-17015-8}
}

@misc{IBLM2023,
  title={International Board of Lifestyle Medicine Course, Section 1, Slide 29},
  author={{International Board of Lifestyle Medicine}},
  year={2023},
  note={Cardiovascular disease and whole food, plant-based dietary pattern}
}

@misc{Santiago2024,
  title={Underfitted Email Newsletter},
  author={Santiago},
  year={2024},
  month={January},
  day={5},
  howpublished={Email newsletter}
}

@misc{deBronkart2023,
  title={The Evolution of Who Knows What: A Cluetrain Manifesto for Empowered Patients},
  author={deBronkart, Dave},
  year={2023},
  month={May},
  day={30},
  howpublished={\url{https://www.epatientdave.com/2023/05/30/the-evolution-of-who-knows-what-a-cluetrain-manifesto-for-empowered-patients/}},
  note={Accessed: 2024-02-28}
}

@misc{Gornik2021,
  title={Re-thinking Architecture of Health Care},
  author={Gornik, Tomaz},
  year={2021},
  howpublished={\url{https://www.linkedin.com/pulse/re-thinking-architecture-health-care-tomaz-gornik/}},
  note={Accessed: 2024-02-28}
}
