@article{institute2007learning,
  title={The Learning Healthcare System: Workshop Summary},
  author={{Institute of Medicine}},
  journal={Washington, DC: National Academies Press},
  year={2007},
  doi={10.17226/11903}
}

@article{santos2023improving,
  title={Improving Healthcare Quality with an LHS},
  author={Santos, R L and Cruz-Correia, R J},
  journal={Studies in Health Technology and Informatics},
  volume={302},
  pages={145--146},
  year={2023},
  doi={10.3233/SHTI230088}
}

@article{santos2024improving,
  title={Improving Healthcare Quality with a LHS: From Patient-Generated Health Data to Evidence-Based Recommendations},
  author={Santos, R L and Cruz-Correia, R},
  journal={Studies in Health Technology and Informatics},
  volume={316},
  pages={230--234},
  year={2024},
  doi={10.3233/SHTI240387}
}

@article{santos2024healthcare,
  title={Improving Healthcare Quality with a LHS: HL7 FHIR Implementation Guide},
  author={Santos, R L and Cruz-Correia, R},
  journal={Medical Informatics Europe},
  volume={25},
  year={2024}
}

@article{foley2023framework,
  title={A framework for understanding, designing, developing, and evaluating learning health systems},
  author={Foley, T and Vale, L},
  journal={Learning Health Systems},
  volume={7},
  number={1},
  pages={e10315},
  year={2023},
  doi={10.1002/lrh2.10315}
}

@article{friedman2024socio,
  title={Socio-technical infrastructure for a learning health system},
  author={Friedman, C P and others},
  journal={Learning Health Systems},
  volume={8},
  number={1},
  pages={e10405},
  year={2024},
  doi={10.1002/lrh2.10405}
}

@article{clayton2023foundations,
  title={Foundations of lifestyle medicine Board review manual},
  author={Clayton, J S and Bonnet, J},
  publisher={American College of Lifestyle Medicine},
  edition={4th},
  year={2023},
  isbn={979-8-218-17015-8}
}

@article{nobel2019physiology,
  title={The Nobel Prize in Physiology or Medicine 2019},
  author={{Nobel Prize Committee}},
  journal={Advanced Information},
  year={2019},
  url={https://www.nobelprize.org/prizes/medicine/2019/advanced-information/}
}

@article{bosco2020mitochondrial,
  title={Mitochondrial metabolic reprogramming controls the induction of immunogenic cell death and efficacy of chemotherapy in bladder cancer},
  author={Bosco, E and others},
  journal={Journal of Experimental \& Clinical Cancer Research},
  volume={39},
  number={8},
  year={2020},
  doi={10.1186/s13046-019-1517-0}
}

@article{apperta2018blueprint,
  title={A Blueprint for a Co-produced Personal Health Record Ecosystem},
  author={{Apperta Foundation}},
  year={2018},
  url={https://apperta.org/coPHR/}
}
