@article{santos2023improving,
  title={Improving Healthcare Quality with an LHS},
  author={Santos, R L and Cruz-Correia, R J},
  journal={Studies in Health Technology and Informatics},
  volume={302},
  pages={145--146},
  year={2023},
  doi={10.3233/SHTI230088}
}

@article{santos2024improving,
  title={Improving Healthcare Quality with a LHS: From Patient-Generated Health Data to Evidence-Based Recommendations},
  author={Santos, R L and Cruz-Correia, R},
  journal={Studies in Health Technology and Informatics},
  volume={316},
  pages={230--234},
  year={2024},
  doi={10.3233/SHTI240387}
}

@article{santos2024healthcare,
  title={Improving Healthcare Quality with a LHS: HL7 FHIR Implementation Guide},
  author={Santos, R L and Cruz-Correia, R},
  journal={Medical Informatics Europe},
  volume={25},
  year={2024}
}

@article{institute2007learning,
  title={The Learning Healthcare System: Workshop Summary},
  author={{Institute of Medicine}},
  journal={Washington, DC: National Academies Press},
  year={2007},
  doi={10.17226/11903}
}

@article{elliott2014living,
  title={Living systematic reviews: an emerging opportunity to narrow the evidence-practice gap},
  author={Elliott, J H and Turner, T and Clavisi, O and Thomas, J and Higgins, J P T and Mavergames, C and Gruen, R L},
  journal={PLoS Medicine},
  volume={11},
  number={2},
  pages={e1001603},
  year={2014},
  publisher={Public Library of Science}
}

@article{elliott2017living,
  title={Living systematic review: 1. Introductionâ€”the why, what, when, and how},
  author={Elliott, J H and Synnot, A and Turner, T and Simmonds, M and Akl, E A and McDonald, S and Salanti, G and Meerpohl, J and MacLehose, H and Hilton, J and others},
  journal={Journal of Clinical Epidemiology},
  volume={91},
  pages={23--30},
  year={2017},
  publisher={Elsevier}
}

@article{beale2021decision,
  title={Decision Language specification},
  author={Beale, Thomas},
  journal={openEHR Release},
  volume={1},
  number={6},
  year={2021},
  url={https://specifications.openehr.org/releases/PROC/Release-1.6.0/decision-language.html}
}

@article{silva2024openehr,
  title={OpenEHR logic module: a tool for creating decision rules},
  author={Silva, B and others},
  journal={Procedia Computer Science},
  volume={231},
  pages={427--432},
  year={2024},
  doi={10.1016/j.procs.2023.12.229}
}

@article{nobel2019physiology,
  title={The Nobel Prize in Physiology or Medicine 2019},
  author={{Nobel Prize Committee}},
  journal={Advanced Information},
  year={2019},
  url={https://www.nobelprize.org/prizes/medicine/2019/advanced-information/}
}

@article{bosco2020mitochondrial,
  title={Mitochondrial metabolic reprogramming controls the induction of immunogenic cell death and efficacy of chemotherapy in bladder cancer},
  author={Bosco, E and others},
  journal={Journal of Experimental \& Clinical Cancer Research},
  volume={39},
  number={8},
  year={2020},
  doi={10.1186/s13046-019-1517-0}
}

@article{sonnenberg1993markov,
  title={Markov models in medical decision making: a practical guide},
  author={Sonnenberg, F A and Beck, J R},
  journal={Medical Decision Making},
  volume={13},
  number={4},
  pages={322--338},
  year={1993},
  publisher={Sage Publications}
}

@article{spiegelhalter2004bayesian,
  title={Bayesian approaches to clinical trials and health-care evaluation},
  author={Spiegelhalter, D J and Abrams, K R and Myles, J P},
  publisher={John Wiley \& Sons},
  year={2004}
}

@article{lichtner2023representation,
  title={Representation of evidence-based clinical practice guideline recommendations on FHIR},
  author={Lichtner, G and others},
  journal={Journal of Biomedical Informatics},
  volume={139},
  pages={104305},
  year={2023},
  doi={10.1016/j.jbi.2023.104305}
}

@article{clayton2023foundations,
  title={Foundations of lifestyle medicine Board review manual},
  author={Clayton, J S and Bonnet, J},
  publisher={American College of Lifestyle Medicine},
  edition={4th},
  year={2023},
  isbn={979-8-218-17015-8}
}
