@article{santos2023improving,
  title={Improving Healthcare Quality with an LHS},
  author={Santos, Ricardo L. and Cruz-Correia, Ricardo J.},
  journal={Studies in Health Technology and Informatics},
  volume={302},
  pages={145--146},
  year={2023},
  doi={10.3233/SHTI230088}
}

@article{santos2024improving,
  title={Improving Healthcare Quality with a LHS: From Patient-Generated Health Data to Evidence-Based Recommendations},
  author={Santos, Ricardo L. and Cruz-Correia, Ricardo},
  journal={Digital Health and Informatics Innovations for Sustainable Health Care Systems},
  pages={230--234},
  year={2024},
  publisher={IOS Press},
  doi={10.3233/SHTI240387}
}

@article{santos2024healthcare,
  title={Improving Healthcare Quality with a LHS: HL7 FHIR Implementation Guide},
  author={Santos, Ricardo L. and Cruz-Correia, Ricardo},
  journal={Medical Informatics Europe},
  pages={1--2},
  year={2024}
}

@book{IOM2007,
  title={The Learning Healthcare System: Workshop Summary},
  author={{Institute of Medicine}},
  year={2007},
  publisher={The National Academies Press},
  address={Washington, DC},
  doi={10.17226/11903}
}

@article{foley2023framework,
  title={A framework for understanding, designing, developing and evaluating learning health systems},
  author={Foley, Teresa and Vale, Luke},
  journal={Learning Health Systems},
  volume={7},
  number={1},
  pages={e10315},
  year={2023},
  publisher={Wiley}
}

@article{friedman2024socio,
  title={Socio-technical infrastructure for a learning health system},
  author={Friedman, Charles P and others},
  journal={Learning Health Systems},
  volume={8},
  number={1},
  pages={e10405},
  year={2024},
  publisher={Wiley}
}

@article{vaidyam2022enabling,
  title={Enabling Research and Clinical Use of Patient-Generated Health Data (the mindLAMP Platform): Digital Phenotyping Study},
  author={Vaidyam, Aditya and others},
  journal={JMIR mHealth and uHealth},
  volume={10},
  number={1},
  pages={e30557},
  year={2022},
  publisher={JMIR Publications}
}

@article{frade2021openehr,
  title={OpenEHR Implementation Guide: Towards Standard Low-Code Healthcare Systems},
  author={Frade, Sergio and others},
  journal={Studies in Health Technology and Informatics},
  volume={290},
  pages={52--55},
  year={2021},
  publisher={IOS Press}
}

@article{sousa2018openehr,
  title={OpenEHR Based Systems and the General Data Protection Regulation (GDPR)},
  author={Sousa, Mariana and others},
  journal={Studies in Health Technology and Informatics},
  volume={247},
  pages={91--95},
  year={2018},
  publisher={IOS Press}
}

@article{silva2024openehr,
  title={OpenEHR logic module: a tool for creating decision rules},
  author={Silva, Bruno and others},
  journal={Procedia Computer Science},
  volume={231},
  pages={427--432},
  year={2024},
  publisher={Elsevier}
}

@misc{beale2021decision,
  title={Decision Language specification},
  author={Beale, Thomas},
  year={2021},
  url={https://specifications.openehr.org/releases/PROC/Release-1.6.0/decision-language.html},
  note={Accessed: 2024-03-19}
}

@article{lichtner2023representation,
  title={Representation of evidence-based clinical practice guideline recommendations on FHIR},
  author={Lichtner, G{\"u}nter and others},
  journal={Journal of Biomedical Informatics},
  volume={139},
  pages={104305},
  year={2023},
  publisher={Elsevier}
}

@misc{apperta2018blueprint,
  title={A Blueprint for a Co-produced Personal Health Record (co-PHR) Ecosystem},
  author={{Apperta Foundation}},
  year={2018},
  url={https://apperta.org/coPHR/},
  note={Accessed: 2024-03}
}

@article{miao2024chain,
  title={Chain of Thought Utilization in Large Language Models and Application in Nephrology},
  author={Miao, Jiayue and others},
  journal={Medicina},
  volume={60},
  number={1},
  pages={148},
  year={2024},
  publisher={MDPI}
}

@article{balch2023machine,
  title={Machine Learning--Enabled Clinical Information Systems Using Fast Healthcare Interoperability Resources Data Standards: Scoping Review},
  author={Balch, Jorie A and others},
  journal={JMIR Medical Informatics},
  volume={11},
  pages={e48297},
  year={2023},
  publisher={JMIR Publications}
}

@book{clayton2023foundations,
  title={Foundations of lifestyle medicine Board review manual},
  author={Clayton, John S and others},
  edition={4th},
  year={2023},
  publisher={American College of Lifestyle Medicine},
  isbn={979-8-218-17015-8}
}

@misc{nobel2019physiology,
  title={The Nobel Prize in Physiology or Medicine 2019},
  author={{The Nobel Prize}},
  year={2019},
  url={https://www.nobelprize.org/prizes/medicine/2019/advanced-information/},
  note={Accessed: 2023-05-28}
}

@article{bosco2020mitochondrial,
  title={The potential role of mitochondrial dysfunction in the pathogenesis of insulin resistance},
  author={Bosco, Domenico and others},
  journal={Journal of Experimental \& Clinical Cancer Research},
  volume={39},
  number={8},
  year={2020},
  publisher={BioMed Central}
}

@book{Tainter1988,
  title={The Collapse of Complex Societies},
  author={Tainter, Joseph A.},
  year={1988},
  publisher={Cambridge University Press},
  address={Cambridge}
}

@article{Mencken1920,
  title={Prejudices: Second Series},
  author={Mencken, H. L.},
  year={1920},
  publisher={Alfred A. Knopf},
  address={New York}
}

@misc{Santiago2024,
  title={Underfitted email newsletter},
  author={Santiago},
  year={2024},
  month={January},
  day={5}
}

@misc{deBronkart2023,
  title={The Evolution of Who Knows What: A Cluetrain Manifesto for Empowered Patients},
  author={deBronkart, Dave},
  year={2023},
  month={May},
  day={30},
  url={https://www.epatientdave.com/2023/05/30/the-evolution-of-who-knows-what-a-cluetrain-manifesto-for-empowered-patients/}
}

@article{elliott2014living,
  title={Living systematic reviews: an emerging opportunity to narrow the evidence-practice gap},
  author={Elliott, Julian H and others},
  journal={PLoS Medicine},
  volume={11},
  number={2},
  pages={e1001603},
  year={2014},
  publisher={Public Library of Science}
}

@article{elliott2017living,
  title={Living systematic review: 1. Introductionâ€”the why, what, when, and how},
  author={Elliott, Julian H and others},
  journal={Journal of Clinical Epidemiology},
  volume={91},
  pages={23--30},
  year={2017},
  publisher={Elsevier}
}

@book{spiegelhalter2004bayesian,
  title={Bayesian approaches to clinical trials and health-care evaluation},
  author={Spiegelhalter, David J and Abrams, Keith R and Myles, Jonathan P},
  year={2004},
  publisher={John Wiley \& Sons}
}

@article{sonnenberg1993markov,
  title={Markov models in medical decision making: a practical guide},
  author={Sonnenberg, Frank A and Beck, J Robert},
  journal={Medical Decision Making},
  volume={13},
  number={4},
  pages={322--338},
  year={1993},
  publisher={Sage Publications Sage CA: Thousand Oaks, CA}
}

